<?xml version="1.0" encoding="UTF-8"?><collection xmlns="http://www.loc.gov/MARC21/slim"><record><leader>00385nam--2200121-i-4500</leader><controlfield tag="001">000026824</controlfield><controlfield tag="002">20161230</controlfield><controlfield tag="005">20161230201036</controlfield><controlfield tag="008">060222s1000------------r-----000-0-eng-d</controlfield><datafield ind1=" " ind2=" " tag="100"><subfield code="a">Kluss, Erich</subfield></datafield><datafield ind1=" " ind2=" " tag="245"><subfield code="a">Einfuhrung in die probleme des elektrischen lichtbogenund widerstansofens. mit 163 albbind</subfield></datafield><datafield ind1=" " ind2=" " tag="260"><subfield code="a">Berlin, Gottinge, Heidelberg, Springer-verlag, 1951, Vii + 263p</subfield></datafield><datafield ind1=" " ind2=" " tag="852"><subfield code="a">957</subfield></datafield></record></collection>